<record><leader>00000cas a22000007a 4500</leader><controlfield tag="001">21829930</controlfield><controlfield tag="008">900614d19151915mauwr ne      0    0eng d</controlfield><datafield ind1=" " ind2=" " tag="010"><subfield code="a">sn 89062365 </subfield></datafield><datafield ind1=" " ind2=" " tag="040"><subfield code="a">MGN</subfield><subfield code="b">eng</subfield><subfield code="c">MGN</subfield><subfield code="d">OCLCQ</subfield></datafield><datafield ind1=" " ind2=" " tag="042"><subfield code="a">msc</subfield></datafield><datafield ind1="0" ind2=" " tag="130"><subfield code="a">Haverhill record (Haverhill, Mass.)</subfield></datafield><datafield ind1="1" ind2="0" tag="245"><subfield code="a">Haverhill record.</subfield></datafield><datafield ind1="3" ind2="0" tag="246"><subfield code="a">Hampton beach news and Haverhill record</subfield></datafield><datafield ind1=" " ind2=" " tag="260"><subfield code="a">Haverhill, Mass. :</subfield><subfield code="b">Lewis R. Hovey</subfield></datafield><datafield ind1=" " ind2=" " tag="300"><subfield code="a">v.</subfield></datafield><datafield ind1=" " ind2=" " tag="310"><subfield code="a">Weekly</subfield></datafield><datafield ind1="0" ind2=" " tag="362"><subfield code="a">Vol. 15, no. 35 (Jan. 29, 1915)-v. 16, no. 20 (Oct. 15, 1915).</subfield></datafield><datafield ind1=" " ind2=" " tag="500"><subfield code="a">Published a supplemental beach newspaper called: Hampton beach news and Haverhill record, &lt;July 2, 1915&gt;-Aug. 25, 1915.</subfield></datafield><datafield ind1=" " ind2=" " tag="752"><subfield code="a">United States</subfield><subfield code="b">Massachusetts</subfield><subfield code="c">Essex</subfield><subfield code="d">Haverhill.</subfield></datafield><datafield ind1="0" ind2=" " tag="775"><subfield code="t">Sunday record (Haverhill, Mass.)</subfield><subfield code="w">(DLC)sn 89062345</subfield></datafield><datafield ind1="0" ind2="0" tag="780"><subfield code="t">Haverhill record and criterion</subfield><subfield code="w">(DLC)sn 89062364</subfield></datafield><datafield ind1="0" ind2="0" tag="785"><subfield code="t">Haverhill record theatrical review</subfield><subfield code="w">(DLC)sn 89062366</subfield></datafield></record>